@inbook{rangel1985,
	address = {Rio de Janeiro},
	author = {Ignácio Rangel},
	booktitle = {Ignácio Rangel},
	booksubtitle = {Obras Reunidas},
	edition = {3},
	organization = {César Benjamin},
	pages = {125-128},
	publisher = {Contraponto},
	title = {Problemas da Reforma Agrária},
	volume = {2},
	year = {2012}
}
@inbook{questaoagraria,
  address = {Florianópolis},
  author = {Francisco José Pereira},
  organization = {SUDESUL},
  publisher = {Editora da UFSC},
  booktitle = {A {Q}uestão {A}grária e o {D}esenvolvimento {N}acional},
  pages = {11-15},
  title = {Algumas Questões em torno da Reforma Agrária},
  year = {1987},
}
@inbook{rangel1954,
	address = {Rio de Janeiro},
	author = {Ignácio Rangel},
	booktitle = {Ignácio Rangel},
	booksubtitle = {Obras Reunidas},
	edition = {3},
	organization = {César Benjamin},
	pages = {39-128},
	publisher = {Contraponto},
	title = {O desenvolvimento econômico no {B}rasil},
	volume = {1},
	year = {2012}
}
@inbook{rangel1955,
	address = {Rio de Janeiro},
	author = {Ignácio Rangel},
	booktitle = {Ignácio Rangel},
	booksubtitle = {Obras Reunidas},
	edition = {3},
	organization = {César Benjamin},
	pages = {129-202},
	publisher = {Contraponto},
	title = {Introdução ao Desenvolvimento Econômico},
	volume = {1},
	year = {2012}
}
@inbook{rangel1956,
	address = {Rio de Janeiro},
	author = {Ignácio Rangel},
	booktitle = {Ignácio Rangel},
	booksubtitle = {Obras Reunidas},
	edition = {3},
	organization = {César Benjamin},
	pages = {203-283},
	publisher = {Contraponto},
	title = {Desenvolvimento e {P}rojeto},
	volume = {1},
	year = {2012}
}
@inbook{rangel1960,
	address = {Rio de Janeiro},
	author = {Ignácio Rangel},
	booktitle = {Ignácio Rangel},
	booksubtitle = {Obras Reunidas},
	edition = {3},
	organization = {César Benjamin},
	pages = {205-207},
	publisher = {Contraponto},
	title = {Depoimento sobre a {Q}uestão {A}grária},
	volume = {2},
	year = {2012}
}
@inbook{rangel1961,
	address = {Rio de Janeiro},
	author = {Ignácio Rangel},
	booktitle = {Ignácio Rangel},
	booksubtitle = {Obras Reunidas},
	edition = {3},
	organization = {César Benjamin},
	pages = {218-220},
	publisher = {Contraponto},
	title = {Demografia e Democracia},
	volume = {2},
	year = {2012}
}
@inbook{rangel1962,
	address = {Rio de Janeiro},
	author = {Ignácio Rangel},
	booktitle = {Ignácio Rangel},
	booksubtitle = {Obras Reunidas},
	edition = {3},
	organization = {César Benjamin},
	pages = {23-80},
	publisher = {Contraponto},
	title = {A {Q}uestão {A}grária brasileira},
	volume = {2},
	year = {2012}
}
@inbook{rangel1986a,
	address = {Rio de Janeiro},
	author = {Ignácio Rangel},
	booktitle = {Ignácio Rangel},
	booksubtitle = {Obras Reunidas},
	edition = {3},
	organization = {César Benjamin},
	pages = {149-155},
	publisher = {Contraponto},
	title = {Crise Agrária e Metrópole},
	volume = {2},
	year = {2012}
}
@inbook{rangel1986b,
	address = {Rio de Janeiro},
	author = {Ignácio Rangel},
	booktitle = {Ignácio Rangel},
	booksubtitle = {Obras Reunidas},
	edition = {3},
	organization = {César Benjamin},
	pages = {129-140},
	publisher = {Contraponto},
	title = {A {Q}uestão {A}grária e o ciclo longo},
	volume = {2},
	year = {2012}
}
@inbook{rangel1986c,
	address = {Rio de Janeiro},
	author = {Ignácio Rangel},
	booktitle = {Ignácio Rangel},
	booksubtitle = {Obras Reunidas},
	edition = {3},
	organization = {César Benjamin},
	pages = {141-149},
	publisher = {Contraponto},
	title = {A {Q}uestão da {T}erra},
	volume = {2},
	year = {2012}
}
@inbook{rangel1988,
	address = {Rio de Janeiro},
	author = {Ignácio Rangel},
	booktitle = {Ignácio Rangel},
	booksubtitle = {Obras Reunidas},
	edition = {3},
	organization = {César Benjamin},
	pages = {155-157},
	publisher = {Contraponto},
	title = {Fim de linha},
	volume = {2},
	year = {2012}
}
@book{kuznets,
  author = {Simeon Kuznets},
  title = {Long term changes in the national income of the United State of America, since 1870},
  publisher = {Income & Wealth},
  year = {1952}
}
@conference{lalan,
title = "Establishment of Latin America Land Administration Network (LALAN)",
abstract = "Networks of academic and higher education institutions are proven platforms for knowledge sharing and experiences in education exchange. During the International Workshop LALA LADM+, 5-9 November 2018 in Quito Ecuador, organized by Universidad de las Fuerzas Armadas ESPE (ESPE University) Ecuador and Kadaster International together with Faculty ITC University of Twente from the Netherlands, Latin America Land Administration Network - LALAN was established. Representatives from seven countries from Latin American continent, Spain and the Netherlands were present at the workshop. The objective of this network is to: perform activities that can support capacity development and sharing knowledge in both fit-for-purpose and responsible land administration within the Latin America Land Administration Network of education institutions. This paper presents the process of establishment of LALAN, the network’s objective and planned activities for the coming period.",
keywords = "Latin America, land administration, capacity development, Higher Education, academic networks",
author = "D. Todorovski and Rodolfo Salazar and Ginella Jacome and C.H.J. Lemmen",
year = "2019",
month = "4",
day = "24",
language = "English",
pages = "1--8",
note = "FIG Working Week 2019 : Geospatial Information for a Smarter Life and Environmental Resilience ; Conference date: 22-04-2019 Through 26-04-2019",
url = "http://www.fig.net/fig2019/technical_program.htm",
}
